<record><leader>00000cas a22000007a 4500</leader><controlfield tag="001">13067699</controlfield><controlfield tag="008">860127d18961908aluwr ne      0    0eng d</controlfield><datafield ind1=" " ind2=" " tag="010"><subfield code="a">sn 86050038 </subfield></datafield><datafield ind1=" " ind2=" " tag="040"><subfield code="a">AAR</subfield><subfield code="b">eng</subfield><subfield code="c">AAR</subfield><subfield code="d">CPN</subfield><subfield code="d">OCLCQ</subfield></datafield><datafield ind1=" " ind2=" " tag="042"><subfield code="a">msc</subfield></datafield><datafield ind1="0" ind2="4" tag="245"><subfield code="a">The Hanceville hustler.</subfield></datafield><datafield ind1="1" ind2="7" tag="246"><subfield code="a">Hustler</subfield></datafield><datafield ind1=" " ind2=" " tag="260"><subfield code="a">Hanceville, Ala. :</subfield><subfield code="b">Mrs. Julia H. Gillespie</subfield></datafield><datafield ind1=" " ind2=" " tag="300"><subfield code="a">v. ;</subfield><subfield code="c">54 cm.</subfield></datafield><datafield ind1=" " ind2=" " tag="310"><subfield code="a">Weekly</subfield></datafield><datafield ind1="1" ind2=" " tag="362"><subfield code="a">Began in 1896; ceased in 1908?</subfield><subfield code="z">Cf. Gregory, W. Amer. newspapers.</subfield></datafield><datafield ind1=" " ind2=" " tag="500"><subfield code="a">Editor: Mrs. Julia H. Gillespie, &lt;1901-1905&gt;.</subfield></datafield><datafield ind1=" " ind2=" " tag="588"><subfield code="a">Description based on: Old ser. vol. 10, no. 4 (July 27, 1901) = New ser. v. 5, no. 24.</subfield></datafield><datafield ind1=" " ind2=" " tag="752"><subfield code="a">United States</subfield><subfield code="b">Alabama</subfield><subfield code="c">Cullman</subfield><subfield code="d">Hanceville.</subfield></datafield><datafield ind1="1" ind2=" " tag="029"><subfield code="a">AU@</subfield><subfield code="b">000025837427</subfield></datafield></record>